@Unpublished{velocitycnn,
    author = "Min Jun Park and Mauricio Sacchi",
    title  = "Automatic velocity analysis using convolutional neural network and transfer learning",
    year   = "2019",
    url    = "https://www.researchgate.net/publication/336339562_Automatic_velocity_analysis_using_convolutional_neural_network_and_transfer_learning"
}