@Unpublished{velocitycnn,
    author = "Min Jun Park and Mauricio Sacchi",
    title  = "Automatic velocity analysis using convolutional neural network and transfer learning",
    year   = "2019",
    url    = "https://library.seg.org/doi/10.1190/geo2018-0870.1"
},

@article{hara3dcnns,
  author={Kensho Hara and Hirokatsu Kataoka and Yutaka Satoh},
  title={Can Spatiotemporal 3D CNNs Retrace the History of 2D CNNs and ImageNet?},
  journal={arXiv preprint},
  volume={arXiv:1711.09577},
  year={2017},
},


@article{zweben,
  author = {S. J. Zweben and J. L. Terry and D. P. Stotler and R. J. Maqueda},
  title={Invited Review Article: Gas puff imaging diagnostics of edge plasma turbulence in magnetic fusion devices},
  publisher = "American Institute of Physics", 
  year={2017},
  url = "https://doi.org/10.1063/1.4981873"
},


@url{resnets,
    title  = "Models definition and source code",
    url="https://pytorch.org/docs/stable/torchvision/models.html#video-classification"
},

@url{tokamak,
    title  = "Tokamak consultancy",
    url="https://innovation.ox.ac.uk/academic-case-study/tokamak-consultancy/"
},

@url{wikipediatokamak,
    title = "Tokamak article on Wikipedia",
    url="https://en.wikipedia.org/wiki/Tokamak"
},

@article{spacetimeconv,
  author={Du Tran and Heng Wang and Lorenzo Torresani and Jamie Ray and Yann LeCun and Manohar Paluri},
  title={A Closer Look at Spatiotemporal Convolutions for Action Recognition},
  journal={arXiv preprint},
  url = "https://arxiv.org/abs/1711.11248",
  year={2018},
}


